@ARTICLE{neo4j:neo4j,
	AUTHOR = "Neo Technology",
	TITLE = "The Neo4j Manual v2.0.0-M02",
	MONTH = "May",
	YEAR = {2013}	}

@ARTICLE{webber:graph,
	AUTHOR = "Jim Webber, Ian Robinson",
	TITLE = "Graph Databases",
	PAGES = {},
	MONTH = "April",
	YEAR = {2013}	}